%---------------------------------------------------------------------------%
%-                                                                         -%
%-                             Bibliography                                -%
%-                                                                         -%
%---------------------------------------------------------------------------%
@misc{RN2,
    author = {刘冬煜},
    title = {卷积运算是什么？},
    address = {知乎},
    url = {https://www.zhihu.com/question/339496491},
    year = {2020},
    type = {Web Page},
    key = {Liu Dong Yu}
}

@misc{RN1,
    author = {严忻恺},
    title = {深度学习入门-卷积神经网络（一）卷积层},
    address = {知乎},
    url = {https://zhuanlan.zhihu.com/p/259751387},
    year = {2020},
    type = {Web Page},
    key = {Yan Xin Kai}
}

@misc{RN3,
    author = {Happy},
    title = {深度学习入门之池化层},
    address = {知乎},
    url = {https://zhuanlan.zhihu.com/p/77040467},
    year = {2019},
    type = {Web Page},
    key = {Happy}
}

@misc{RN4,
    author = {Chen Swan},
    title = {池化层详细介绍},
    address = {CSDN},
    url = {https://blog.csdn.net/Chen_Swan/article/details/105486854},
    year = {2020},
    type = {Web Page},
    key = {Chen Swan}
}

@misc{RN5,
    author = {Alex},
    title = {卷积神经网络——池化层学习——最大池化},
    address = {CSDN},
    url = {https://blog.csdn.net/weixin_43336281/article/details/102149468},
    year = {2019},
    type = {Web Page},
    key = {Alex}
}

@misc{RN6,
    author = {时光碎了天},
    title = {mean-pooling（平均池化），max-pooling（最大池化）、Stochastic-pooling（随机池化）和global average pooling（全局平均池化）的区别简介},
    address = {CSDN},
    url = {https://blog.csdn.net/u013289254/article/details/99080916},
    year = {2019},
    type = {Web Page},
    key = {Shi Guang Sui Le Tian}
}

@misc{RN7,
    author = {XIONG Feng-ye and DONG Yuan and BAI Hong-liang},
    title = {Face Recognition based on Simplified CNN and Median Pooling},
    address = {Beijing:Sciencepaper Online},
    url = {http://www.paper.edu.cn/releasepaper/content/201610-141},
    year = {2016},
    type = {Web Page},
    key = {XIONG Feng-ye DONG Yuan BAI Hong-liang}
}

@article{RN8,
    author    = {Benjamin Graham},
    title     = {Fractional Max-Pooling},
    journal   = {CoRR},
    volume    = {abs/1412.6071},
    year      = {2014},
    url       = {http://arxiv.org/abs/1412.6071},
    eprinttype = {arXiv},
    eprint    = {1412.6071},
    timestamp = {Mon, 13 Aug 2018 16:49:06 +0200},
    biburl    = {https://dblp.org/rec/journals/corr/Graham14a.bib},
    bibsource = {dblp computer science bibliography, https://dblp.org}
}
%---------------------------------------------------------------------------%
